<?xml version="1.0" encoding="UTF-8"?><record xmlns="http://www.loc.gov/MARC21/slim" xmlns:cinclude="http://apache.org/cocoon/include/1.0" xmlns:zs="http://www.loc.gov/zing/srw/">
  <leader>00576cz  a2200133n  4500</leader>
  <controlfield tag="001">n 2009161016</controlfield>
  <controlfield tag="003">DLC</controlfield>
  <controlfield tag="005">20120817081231.0</controlfield>
  <controlfield tag="008">090306n| acannaabn           n aaa      </controlfield>
  <datafield tag="010" ind1=" " ind2=" ">
    <subfield code="a">n 2009161016</subfield>
  </datafield>
  <datafield tag="040" ind1=" " ind2=" ">
    <subfield code="a">DLC</subfield>
    <subfield code="b">eng</subfield>
    <subfield code="c">DLC</subfield>
    <subfield code="d">DLC</subfield>
  </datafield>
  <datafield tag="100" ind1="1" ind2=" ">
    <subfield code="a">Maguire, William G.,</subfield>
    <subfield code="c">Mrs.</subfield>
  </datafield>
  <datafield tag="667" ind1=" " ind2=" ">
    <subfield code="a">THIS 1XX FIELD CANNOT BE USED UNDER RDA UNTIL THIS RECORD HAS BEEN REVIEWED AND/OR UPDATED</subfield>
  </datafield>
  <datafield tag="670" ind1=" " ind2=" ">
    <subfield code="a">NUCMC data from Maine Historical Society for Her Clark family genealogical notes, 1911-1951</subfield>
    <subfield code="b">(Genealogical notes pertaining to the Clark family compiled by Mrs. William G. Maguire of Sanford, Me.)</subfield>
  </datafield>
</record>